<collection xmlns="http://www.loc.gov/MARC21/slim">
<record>
  <leader>01506nam0a2200277 i 450 </leader>
  <controlfield tag="001">IT\ICCU\CNCE\061152</controlfield>
  <controlfield tag="005">20130604000000.0</controlfield>
  <datafield tag="012" ind1=" " ind2=" ">
    <subfield code="a">u*en user eda- vnsc (3) 1539 (R)</subfield>
    <subfield code="2">fei</subfield>
  </datafield>
  <datafield tag="100" ind1=" " ind2=" ">
    <subfield code="a">20050905d1539        0itac0103    ba</subfield>
  </datafield>
  <datafield tag="101" ind1=" " ind2=" ">
    <subfield code="a">LAT</subfield>
  </datafield>
  <datafield tag="102" ind1=" " ind2=" ">
    <subfield code="a">IT</subfield>
  </datafield>
  <datafield tag="200" ind1="1" ind2=" ">
    <subfield code="a">℗Sigismundi Loffredi patritij Neap. caes. ac catholicarum maiestatum consiliarij collateralis ... ℗In lege iurisconsultus. ff. d. grad. affinita interpretatio</subfield>
  </datafield>
  <datafield tag="210" ind1=" " ind2=" ">
    <subfield code="a">\Venezia</subfield>
    <subfield code="c">Aurelio Pinzi!</subfield>
    <subfield code="e">Venetiis</subfield>
    <subfield code="g">in edibus Aurelij Pincij impressa</subfield>
    <subfield code="g">sumptibus Petri de Dominicis bibliopole Neap. &amp; sociorum</subfield>
    <subfield code="h">1539 mense Martio</subfield>
  </datafield>
  <datafield tag="215" ind1=" " ind2=" ">
    <subfield code="a">XXI, \1! c.</subfield>
    <subfield code="d">fol</subfield>
  </datafield>
  <datafield tag="620" ind1=" " ind2=" ">
    <subfield code="a">IT</subfield>
    <subfield code="d">Venezia</subfield>
  </datafield>
  <datafield tag="700" ind1=" " ind2="1">
    <subfield code="a">Loffredo,</subfield>
    <subfield code="b">Sigismondo</subfield>
    <subfield code="3">IT\ICCU\CNCA\008351</subfield>
  </datafield>
  <datafield tag="712" ind1="0" ind2="0">
    <subfield code="a">Pinzi, Aurelio</subfield>
    <subfield code="3">IT\ICCU\CNCT\000792</subfield>
    <subfield code="4">650</subfield>
  </datafield>
  <datafield tag="712" ind1="0" ind2="0">
    <subfield code="a">De_Domenico, Pietro &amp; C.</subfield>
    <subfield code="3">IT\ICCU\CNCT\005978</subfield>
    <subfield code="4">650</subfield>
  </datafield>
  <datafield tag="790" ind1=" " ind2="1">
    <subfield code="a">Loffredus,</subfield>
    <subfield code="b">Sigismundus</subfield>
    <subfield code="3">IT\ICCU\CNCA\020788</subfield>
    <subfield code="z">Loffredo, Sigismondo</subfield>
  </datafield>
  <datafield tag="791" ind1="0" ind2="0">
    <subfield code="a">Pintius, Aurelius</subfield>
    <subfield code="3">IT\ICCU\CNCT\002521</subfield>
    <subfield code="z">Pinzi, Aurelio</subfield>
  </datafield>
  <datafield tag="791" ind1="0" ind2="0">
    <subfield code="a">Pincius, Aurelius</subfield>
    <subfield code="3">IT\ICCU\CNCT\004045</subfield>
    <subfield code="z">Pinzi, Aurelio</subfield>
  </datafield>
  <datafield tag="791" ind1="0" ind2="0">
    <subfield code="a">Pincio, Aurelio</subfield>
    <subfield code="3">IT\ICCU\CNCT\005434</subfield>
    <subfield code="z">Pinzi, Aurelio</subfield>
  </datafield>
  <datafield tag="801" ind1=" " ind2="3">
    <subfield code="a">IT</subfield>
    <subfield code="b">ICCU</subfield>
    <subfield code="c">20201115</subfield>
  </datafield>
  <datafield tag="899" ind1=" " ind2=" ">
    <subfield code="a">Biblioteca  Panizzi. Reggio Emilia</subfield>
    <subfield code="1">RE0052</subfield>
    <subfield code="2">RE2 PA</subfield>
  </datafield>
  <datafield tag="911" ind1=" " ind2=" ">
    <subfield code="a">Sul front.</subfield>
    <subfield code="9">IT\ICCU\CNCM\000938</subfield>
  </datafield>
  <datafield tag="921" ind1=" " ind2=" ">
    <subfield code="a">IT\ICCU\CNCM\000938</subfield>
    <subfield code="b">Iniziali A.V.P. sormontate da croce in scudo sormontato da elmo. Ai lati due donne, una con calice (Fede) l&apos;altra a mani giunte (Speranza). In cornice.</subfield>
    <subfield code="c">U42</subfield>
    <subfield code="d">Dimensioni: 21,5 x 9</subfield>
    <subfield code="f">SCUDO</subfield>
    <subfield code="f">ELMO</subfield>
    <subfield code="f">AVP</subfield>
    <subfield code="g">1530-1539</subfield>
  </datafield>
</record>
</collection>
